<record><leader>00000cas a2200000 a 4500</leader><controlfield tag="001">9497392</controlfield><controlfield tag="008">830510d198u1983fluwn ne      0   a0eng d</controlfield><datafield ind1=" " ind2=" " tag="010"><subfield code="a">sn 83007781 </subfield><subfield code="z">cn 86039039 </subfield></datafield><datafield ind1=" " ind2=" " tag="040"><subfield code="a">NSD</subfield><subfield code="b">eng</subfield><subfield code="c">NSD</subfield><subfield code="d">NLC</subfield><subfield code="d">NSD</subfield><subfield code="d">NLC</subfield><subfield code="d">OCLCQ</subfield></datafield><datafield ind1=" " ind2=" " tag="012"><subfield code="m">d</subfield></datafield><datafield ind1=" " ind2=" " tag="016"><subfield code="a">86039039X</subfield></datafield><datafield ind1="1" ind2=" " tag="022"><subfield code="a">0745-8363</subfield><subfield code="l">0745-8363</subfield><subfield code="2">1</subfield></datafield><datafield ind1=" " ind2=" " tag="037"><subfield code="b">Canada News Inc., P.O. Box 1239, Largo, FL 34293-1239</subfield></datafield><datafield ind1=" " ind2=" " tag="042"><subfield code="a">nsdp</subfield><subfield code="a">nlc</subfield></datafield><datafield ind1=" " ind2=" " tag="043"><subfield code="a">n-us-fl</subfield></datafield><datafield ind1="0" ind2="1" tag="055"><subfield code="a">FC1</subfield></datafield><datafield ind1="0" ind2=" " tag="082"><subfield code="a">071/.5967</subfield><subfield code="2">19</subfield></datafield><datafield ind1=" " ind2="0" tag="222"><subfield code="a">Canada news inc.</subfield></datafield><datafield ind1="0" ind2="0" tag="245"><subfield code="a">Canada news inc.</subfield></datafield><datafield ind1="3" ind2="0" tag="246"><subfield code="a">Canada news</subfield></datafield><datafield ind1=" " ind2=" " tag="260"><subfield code="a">Seminole, Fla. :</subfield><subfield code="b">St. Catherines Standard Ltd.,</subfield><subfield code="c">[1982]-1983.</subfield></datafield><datafield ind1=" " ind2=" " tag="300"><subfield code="a">v. :</subfield><subfield code="b">ill. ;</subfield><subfield code="c">42 cm.</subfield></datafield><datafield ind1=" " ind2=" " tag="310"><subfield code="a">Weekly during Nov. thru Apr.</subfield></datafield><datafield ind1=" " ind2=" " tag="321"><subfield code="a">Weekly</subfield></datafield><datafield ind1="0" ind2=" " tag="362"><subfield code="a">-v. 2, no. 1 (Nov. 4, 1983).</subfield></datafield><datafield ind1=" " ind2=" " tag="500"><subfield code="a">For resident and vacationing Canadians in southern sunbelt regions.</subfield></datafield><datafield ind1=" " ind2=" " tag="588"><subfield code="a">Description based on: Vol. 1, no. 17 (Friday, Mar. 25, 1983); title from caption.</subfield></datafield><datafield ind1=" " ind2="0" tag="650"><subfield code="a">Canadian newspapers (English)</subfield><subfield code="z">Florida</subfield><subfield code="z">Auburndale.</subfield></datafield><datafield ind1=" " ind2="6" tag="650"><subfield code="a">Journaux canadiens-anglais</subfield><subfield code="z">Floride</subfield><subfield code="z">Auburndale.</subfield></datafield><datafield ind1="0" ind2="0" tag="785"><subfield code="t">Canada news (Auburndale, Fla.)</subfield><subfield code="x">0889-0412</subfield><subfield code="w">(CaOONL)850354331</subfield></datafield><datafield ind1=" " ind2=" " tag="936"><subfield code="a">Apr. 15, 1983</subfield></datafield><datafield ind1="1" ind2=" " tag="029"><subfield code="a">AU@</subfield><subfield code="b">000025801122</subfield></datafield></record>